@book{friedman2001elements,
  title={The elements of statistical learning},
  author={Friedman, J. and Hastie, T. and Tibshirani, R.},
  volume={1},
  year={2011},
  publisher={Springer Series in Statistics}
}
@article{Zhang20061800,
title = "Masking effects on linear regression in multi-class classification",
journal = "Statistics and Probability Letters",
volume = "76",
number = "16",
pages = "1800 - 1807",
year = "2006",
note = "",
issn = "0167-7152",
doi = "10.1016/j.spl.2006.04.047",
url = "http://www.sciencedirect.com/science/article/pii/S0167715206001453",
author = "Chunming Zhang and Haoda Fu",
keywords = "Classifier",
keywords = "Decision boundary",
keywords = "Linear discriminant analysis",
keywords = "Linear regression"
}